@article{Hirschberg2015,
  doi = {10.1126/science.aaa8685},
  url = {http://dx.doi.org/10.1126/science.aaa8685},
  year  = {2015},
  month = {jul},
  publisher = {American Association for the Advancement of Science ({AAAS})},
  volume = {349},
  number = {6245},
  pages = {261--266},
  author = {J. Hirschberg and C. D. Manning},
  title = {Advances in natural language processing},
  journal = {Science}
}

@article{Ribeiro2016,
  doi = {10.1140/epjds/s13688-016-0085-1},
  url = {http://dx.doi.org/10.1140/epjds/s13688-016-0085-1},
  year  = {2016},
  month = {jul},
  publisher = {Springer Nature},
  volume = {5},
  number = {1},
  author = {Filipe N Ribeiro and Matheus Ara{\'{u}}jo and Pollyanna Gon{\c{c}}alves and Marcos Andr{\'{e}} Gon{\c{c}}alves and Fabr{\'{\i}}cio Benevenuto},
  title = {{SentiBench} - a benchmark comparison of state-of-the-practice sentiment analysis methods},
  journal = {{EPJ} Data Sci.}
}
